@book{cormen2009introduction,
  title={Introduction to Algorithms},
  author={Cormen, Thomas H. and Leiserson, Charles E. and Rivest, Ronald L. and Stein, Clifford},
  edition={3rd},
  year={2009},
  publisher={MIT Press},
  address={Cambridge, MA}
}

@article{bloom1970space,
  title={Space/time trade-offs in hash coding with allowable errors},
  author={Bloom, Burton H.},
  journal={Communications of the ACM},
  volume={13},
  number={7},
  pages={422--426},
  year={1970},
  publisher={ACM}
}

@article{broder2004network,
  title={Network applications of bloom filters: A survey},
  author={Broder, Andrei and Mitzenmacher, Michael},
  journal={Internet Mathematics},
  volume={1},
  number={4},
  pages={485--509},
  year={2004},
  publisher={Taylor \& Francis}
}

@inproceedings{fan2014cuckoo,
  title={Cuckoo filter: Practically better than bloom},
  author={Fan, Bin and Andersen, Dave G. and Kaminsky, Michael and Mitzenmacher, Michael D.},
  booktitle={Proceedings of the 10th ACM International Conference on Emerging Networking Experiments and Technologies (CoNEXT)},
  pages={75--88},
  year={2014},
  organization={ACM}
}

@misc{faker2024,
  title={Faker: A Python package that generates fake data},
  author={{Faker Contributors}},
  year={2024},
  howpublished={\url{https://faker.readthedocs.io/}},
  note={Accessed: 2025-10-03}
}
